@article{wheeler1978law,
  author={J. A. Wheeler},
  title={The ``Law Without Law''},
  journal={Quantum Theory and Measurement},
  year={1978},
  publisher={Princeton University Press}
}

@article{zeilinger1999foundations,
  author={A. Zeilinger},
  title={Foundations of quantum mechanics},
  journal={Physics World},
  volume={12},
  number={4},
  pages={35--40},
  year={1999}
}

@book{penrose1989emperors,
  author={R. Penrose},
  title={The Emperor's New Mind},
  year={1989},
  publisher={Oxford University Press}
}
